@article{bitcoin,
  title={Bitcoin: A peer-to-peer electronic cash system},
  author={Nakamoto, Satoshi},
  year={2008}
}

@inproceedings{powbftquest,
  title={The quest for scalable blockchain fabric: Proof-of-work vs. BFT replication},
  author={Vukoli{\'c}, Marko},
  booktitle={International Workshop on Open Problems in Network Security},
  pages={112--125},
  year={2015},
  organization={Springer}
}

@techreport{ouroboros,
  title={Ouroboros: A provably secure proof-of-stake blockchain protocol},
  author={Kiayias, Aggelos and Russell, Alexander and David, Bernardo and Oliynykov, Roman},
  year={2016},
  institution={Cryptology ePrint Archive, Report 2016/889, 2016. http://eprint. iacr. org/2016/889}
}

@inproceedings{permacoin,
  title={Permacoin: Repurposing bitcoin work for data preservation},
  author={Miller, Andrew and Juels, Ari and Shi, Elaine and Parno, Bryan and Katz, Jonathan},
  booktitle={Security and Privacy (SP), 2014 IEEE Symposium on},
  pages={475--490},
  year={2014},
  organization={IEEE}
}

@misc{plutus,
  title={Formal specification of the Plutus Language},
  author={Darryl McAdams},
  year=2016,
  note= "\url{https://github.com/input-output-hk/plutus-prototype/blob/master/docs/spec/Formal\%20Specification\%20of\%20the\%20Plutus\%20Language\%20-\%20McAdams.pdf}"
}

@article{seijas2016scripting,
  title={Scripting smart contracts for distributed ledger technology},
  author={Seijas, Pablo Lamela and Thompson, Simon and McAdams, Darryl},
  year={2016}
}

@article{hdwallets,
  title={Hierarchical Deterministic Wallets},
  author={Wuille, Pieter},
  journal={Online specification for BIP32 at https://github. com/bitcoin/bips/blob/master/bip-0032. mediawiki Time: time K},
  volume={1},
  pages={K2},
  year={2012}
}

@article{sec20002,
  title={2: Recommended elliptic curve domain parameters},
  author={SEC, SECG},
  journal={Standards for Efficient Cryptography Group, Certicom Corp},
  note={http://www.secg.org/sec2-v2.pdf},
  year={2000}
}

@article{wilkinson2014storj,
  title={Storj a peer-to-peer cloud storage network},
  author={Wilkinson, Shawn and Boshevski, Tome and Brandoff, Josh and Buterin, Vitalik},
  year={2014},
  publisher={Citeseer}
}

@book{swan2015blockchain,
  title={Blockchain: Blueprint for a new economy},
  author={Swan, Melanie},
  year={2015},
  publisher={" O'Reilly Media, Inc."}
}

@article{danezis2015centrally,
  title={Centrally banked cryptocurrencies},
  author={Danezis, George and Meiklejohn, Sarah},
  journal={arXiv preprint arXiv:1505.06895},
  year={2015}
}

@article{bernstein2012high,
  title={High-speed high-security signatures},
  author={Bernstein, Daniel J and Duif, Niels and Lange, Tanja and Schwabe, Peter and Yang, Bo-Yin},
  journal={Journal of Cryptographic Engineering},
  pages={77--89},
  year={2012},
  publisher={Springer}
}

@misc{ed25519hd,
  title={Hierarchical Deterministic Keys over a Non-linear Keyspace},
  author={Khovratovich, Dmitry and Law, Jason},
  year={2016},
  note={\url{https://drive.google.com/file/d/0ByMtMw2hul0EMFJuNnZORDR2NDA/view}}
}
